%YAML 1.1
%TAG !u! tag:unity3d.com,2011:
--- !u!1001 &100100000
Prefab:
  m_ObjectHideFlags: 1
  serializedVersion: 2
  m_Modification:
    m_TransformParent: {fileID: 0}
    m_Modifications: []
    m_RemovedComponents: []
  m_ParentPrefab: {fileID: 0}
  m_RootGameObject: {fileID: 1652586580889958}
  m_IsPrefabParent: 1
--- !u!1 &1652586580889958
GameObject:
  m_ObjectHideFlags: 0
  m_PrefabParentObject: {fileID: 0}
  m_PrefabInternal: {fileID: 100100000}
  serializedVersion: 5
  m_Component:
  - component: {fileID: 4944359727659930}
  - component: {fileID: 33182685102803548}
  - component: {fileID: 23979717316250052}
  - component: {fileID: 95009279709973078}
  - component: {fileID: 65588968554455408}
  - component: {fileID: 65085457887547498}
  - component: {fileID: 114120582557676706}
  m_Layer: 0
  m_Name: sign
  m_TagString: Untagged
  m_Icon: {fileID: 0}
  m_NavMeshLayer: 0
  m_StaticEditorFlags: 0
  m_IsActive: 1
--- !u!4 &4944359727659930
Transform:
  m_ObjectHideFlags: 1
  m_PrefabParentObject: {fileID: 0}
  m_PrefabInternal: {fileID: 100100000}
  m_GameObject: {fileID: 1652586580889958}
  m_LocalRotation: {x: 0.00000010782227, y: -0.7071069, z: -0.70710677, w: -0.000000119209275}
  m_LocalPosition: {x: -1, y: 1, z: -0}
  m_LocalScale: {x: 2, y: 0.06, z: 1}
  m_Children: []
  m_Father: {fileID: 0}
  m_RootOrder: 0
  m_LocalEulerAnglesHint: {x: -90.00001, y: 0, z: -179.99998}
--- !u!23 &23979717316250052
MeshRenderer:
  m_ObjectHideFlags: 1
  m_PrefabParentObject: {fileID: 0}
  m_PrefabInternal: {fileID: 100100000}
  m_GameObject: {fileID: 1652586580889958}
  m_Enabled: 1
  m_CastShadows: 1
  m_ReceiveShadows: 1
  m_DynamicOccludee: 1
  m_MotionVectors: 1
  m_LightProbeUsage: 1
  m_ReflectionProbeUsage: 1
  m_Materials:
  - {fileID: 2100000, guid: 43554b6a9fb3d3b498ccb141d978411b, type: 2}
  m_StaticBatchInfo:
    firstSubMesh: 0
    subMeshCount: 0
  m_StaticBatchRoot: {fileID: 0}
  m_ProbeAnchor: {fileID: 0}
  m_LightProbeVolumeOverride: {fileID: 0}
  m_ScaleInLightmap: 1
  m_PreserveUVs: 0
  m_IgnoreNormalsForChartDetection: 0
  m_ImportantGI: 0
  m_StitchLightmapSeams: 0
  m_SelectedEditorRenderState: 3
  m_MinimumChartSize: 4
  m_AutoUVMaxDistance: 0.5
  m_AutoUVMaxAngle: 89
  m_LightmapParameters: {fileID: 0}
  m_SortingLayerID: 0
  m_SortingLayer: 0
  m_SortingOrder: 0
--- !u!33 &33182685102803548
MeshFilter:
  m_ObjectHideFlags: 1
  m_PrefabParentObject: {fileID: 0}
  m_PrefabInternal: {fileID: 100100000}
  m_GameObject: {fileID: 1652586580889958}
  m_Mesh: {fileID: 4300000, guid: 22ddac76818a9f049ac85d1dfce2da81, type: 3}
--- !u!65 &65085457887547498
BoxCollider:
  m_ObjectHideFlags: 1
  m_PrefabParentObject: {fileID: 0}
  m_PrefabInternal: {fileID: 100100000}
  m_GameObject: {fileID: 1652586580889958}
  m_Material: {fileID: 0}
  m_IsTrigger: 0
  m_Enabled: 1
  serializedVersion: 2
  m_Size: {x: 0.6600003, y: 1.2755576, z: 1.3198661}
  m_Center: {x: -8.998447e-15, y: 0.30777702, z: -0.32993296}
--- !u!65 &65588968554455408
BoxCollider:
  m_ObjectHideFlags: 1
  m_PrefabParentObject: {fileID: 0}
  m_PrefabInternal: {fileID: 100100000}
  m_GameObject: {fileID: 1652586580889958}
  m_Material: {fileID: 0}
  m_IsTrigger: 1
  m_Enabled: 1
  serializedVersion: 2
  m_Size: {x: 0.75, y: 25, z: 2.29}
  m_Center: {x: -8.998447e-15, y: -12, z: -0.32993296}
--- !u!95 &95009279709973078
Animator:
  serializedVersion: 3
  m_ObjectHideFlags: 1
  m_PrefabParentObject: {fileID: 0}
  m_PrefabInternal: {fileID: 100100000}
  m_GameObject: {fileID: 1652586580889958}
  m_Enabled: 1
  m_Avatar: {fileID: 9000000, guid: 22ddac76818a9f049ac85d1dfce2da81, type: 3}
  m_Controller: {fileID: 0}
  m_CullingMode: 0
  m_UpdateMode: 0
  m_ApplyRootMotion: 0
  m_LinearVelocityBlending: 0
  m_WarningMessage: 
  m_HasTransformHierarchy: 1
  m_AllowConstantClipSamplingOptimization: 1
--- !u!114 &114120582557676706
MonoBehaviour:
  m_ObjectHideFlags: 1
  m_PrefabParentObject: {fileID: 0}
  m_PrefabInternal: {fileID: 100100000}
  m_GameObject: {fileID: 1652586580889958}
  m_Enabled: 1
  m_EditorHideFlags: 0
  m_Script: {fileID: 11500000, guid: c3dae50459401bf46bbb21a07947bfeb, type: 3}
  m_Name: 
  m_EditorClassIdentifier: 
  aText:
  - Waffles!
  - Ruffle barrels monkey trombone blackfish waffle iron
  - Titanfall 2!
  - The Quick red fox jumped over the lazy brown dog!
  - 'REDRUM REDRUM REDRUM REDRUM REDRUM REDRUM REDRUM REDRUM REDRUM REDRUM REDRUM
    REDRUM REDRUM REDRUM REDRUM REDRUM REDRUM REDRUM REDRUM REDRUM REDRUM REDRUM REDRUM
    REDRUM REDRUM REDRUM REDRUM REDRUM REDRUM REDRUM REDRUM REDRUM REDRUM REDRUM REDRUM
    REDRUM REDRUM REDRUM REDRUM REDRUM REDRUM REDRUM REDRUM REDRUM REDRUM REDRUM REDRUM
    REDRUM REDRUM REDRUM REDRUM REDRUM REDRUM REDRUM '
  - Honk
